[gd_scene load_steps=12 format=3 uid="uid://bxfslx3ut3v7w"]

[ext_resource type="Script" path="res://scripts/main.gd" id="1_aw6d0"]
[ext_resource type="PackedScene" uid="uid://0rbubuggldel" path="res://coin.tscn" id="2_tlyvn"]
[ext_resource type="PackedScene" uid="uid://do2irvafowag5" path="res://player.tscn" id="3_8pvqx"]
[ext_resource type="PackedScene" uid="uid://0h1hw8u7ju67" path="res://powerup.tscn" id="3_e2x7t"]
[ext_resource type="Texture2D" uid="uid://cqll0ngftequ2" path="res://my_assets/coin_dash_grass.png" id="4_8grh8"]
[ext_resource type="PackedScene" uid="uid://dl5vm718cq3x3" path="res://hud.tscn" id="5_q70jv"]
[ext_resource type="AudioStream" uid="uid://gc5p4qarcsv4" path="res://assets/audio/Coin.wav" id="6_05wpv"]
[ext_resource type="AudioStream" uid="uid://b4ojy168u1mnk" path="res://assets/audio/EndSound.wav" id="7_ek2q1"]
[ext_resource type="AudioStream" uid="uid://duuuv0it8jj0g" path="res://assets/audio/Level.wav" id="8_b6q28"]
[ext_resource type="AudioStream" uid="uid://cf704m6uofksw" path="res://assets/audio/Powerup.wav" id="9_ggt8n"]
[ext_resource type="PackedScene" uid="uid://ckoqejvq5ot30" path="res://cactus.tscn" id="11_f57tu"]

[node name="Main" type="Node"]
script = ExtResource("1_aw6d0")
coin_scene = ExtResource("2_tlyvn")
powerup_scene = ExtResource("3_e2x7t")

[node name="Background" type="TextureRect" parent="."]
texture_filter = 1
anchors_preset = 15
anchor_right = 1.0
anchor_bottom = 1.0
grow_horizontal = 2
grow_vertical = 2
texture = ExtResource("4_8grh8")
stretch_mode = 1

[node name="Player" parent="." instance=ExtResource("3_8pvqx")]

[node name="GameTimer" type="Timer" parent="."]

[node name="HUD" parent="." instance=ExtResource("5_q70jv")]

[node name="CoinSound" type="AudioStreamPlayer" parent="."]
stream = ExtResource("6_05wpv")

[node name="EndSound" type="AudioStreamPlayer" parent="."]
stream = ExtResource("7_ek2q1")

[node name="LevelSound" type="AudioStreamPlayer" parent="."]
stream = ExtResource("8_b6q28")

[node name="PowerupSound" type="AudioStreamPlayer" parent="."]
stream = ExtResource("9_ggt8n")

[node name="PowerupTimer" type="Timer" parent="."]
wait_time = 2.0
one_shot = true

[node name="Cactus" parent="." instance=ExtResource("11_f57tu")]
position = Vector2(127, 181)

[node name="Cactus2" parent="." instance=ExtResource("11_f57tu")]
position = Vector2(346, 445)

[connection signal="hurt" from="Player" to="." method="_on_player_hurt"]
[connection signal="pickup" from="Player" to="." method="_on_player_pickup"]
[connection signal="timeout" from="GameTimer" to="." method="_on_game_timer_timeout"]
[connection signal="start_game" from="HUD" to="." method="_on_hud_start_game"]
[connection signal="timeout" from="PowerupTimer" to="." method="_on_powerup_timer_timeout"]
